<record><leader>00000cas a2200000 a 4500</leader><controlfield tag="001">13754651</controlfield><controlfield tag="008">860620d19511957nvuwr ne      0    0eng d</controlfield><datafield ind1=" " ind2=" " tag="010"><subfield code="a">sn 86076221 </subfield></datafield><datafield ind1=" " ind2=" " tag="040"><subfield code="a">NNX</subfield><subfield code="b">eng</subfield><subfield code="c">NNX</subfield><subfield code="d">HUL</subfield><subfield code="d">OCLCQ</subfield><subfield code="d">OCLCF</subfield><subfield code="d">OCLCO</subfield></datafield><datafield ind1=" " ind2=" " tag="042"><subfield code="a">msc</subfield></datafield><datafield ind1=" " ind2=" " tag="043"><subfield code="a">n-us-nv</subfield></datafield><datafield ind1="0" ind2="0" tag="245"><subfield code="a">Nevada state news.</subfield></datafield><datafield ind1="1" ind2="3" tag="246"><subfield code="a">Nevada state news and the Nevada state labor news</subfield></datafield><datafield ind1=" " ind2=" " tag="260"><subfield code="a">Reno, Nev. :</subfield><subfield code="b">D. Dickerson</subfield></datafield><datafield ind1=" " ind2=" " tag="300"><subfield code="a">v. :</subfield><subfield code="b">ill. ;</subfield><subfield code="c">45-62 cm.</subfield></datafield><datafield ind1=" " ind2=" " tag="310"><subfield code="a">Weekly</subfield></datafield><datafield ind1="1" ind2=" " tag="362"><subfield code="a">Began with Nov. 2, 1951 issue.</subfield><subfield code="z">Cf. UNLV Libraries website, viewed Mar. 17, 2009.</subfield></datafield><datafield ind1="1" ind2=" " tag="362"><subfield code="a">Ceased in 1957.</subfield><subfield code="z">Cf. Lingenfelter, R. Newspapers of Nev., 1854-1979.</subfield></datafield><datafield ind1=" " ind2=" " tag="500"><subfield code="a">Publisher: Sept. 8, 1955-Mar. 1, 1956, W. Warren; Mar. 8, 1956-&lt;Nov. 22, 1957&gt;, M. Inch.</subfield></datafield><datafield ind1=" " ind2=" " tag="515"><subfield code="a">Frequent numbering irregularities.</subfield></datafield><datafield ind1="8" ind2=" " tag="521"><subfield code="a">Labor.</subfield></datafield><datafield ind1=" " ind2=" " tag="525"><subfield code="a">Occasional holiday issues, not separately numbered.</subfield></datafield><datafield ind1=" " ind2=" " tag="550"><subfield code="a">"Established as the official paper of the Nevada State Federation of Labor"--Publisher's block.</subfield></datafield><datafield ind1=" " ind2=" " tag="588"><subfield code="a">Description based on: Vol. 11, no. 37 (Dec. 28, 1951); title from publisher's statement : Nevada state news and the Nevada state labor news.</subfield></datafield><datafield ind1=" " ind2=" " tag="588"><subfield code="a">Latest issue consulted: Vol. 17, no. 46 (Nov. 22, 1957).</subfield></datafield><datafield ind1=" " ind2="0" tag="651"><subfield code="a">Reno (Nev.)</subfield><subfield code="v">Newspapers.</subfield></datafield><datafield ind1=" " ind2="0" tag="651"><subfield code="a">Nevada</subfield><subfield code="v">Newspapers.</subfield></datafield><datafield ind1=" " ind2="7" tag="655"><subfield code="a">Newspapers.</subfield><subfield code="2">fast</subfield><subfield code="0">(OCoLC)fst01423814</subfield></datafield><datafield ind1=" " ind2="7" tag="651"><subfield code="a">Nevada.</subfield><subfield code="2">fast</subfield><subfield code="0">(OCoLC)fst01205660</subfield></datafield><datafield ind1=" " ind2="7" tag="651"><subfield code="a">Nevada</subfield><subfield code="z">Reno.</subfield><subfield code="2">fast</subfield><subfield code="0">(OCoLC)fst01206439</subfield></datafield><datafield ind1="2" ind2=" " tag="710"><subfield code="a">Nevada State Federation of Labor.</subfield></datafield><datafield ind1=" " ind2=" " tag="752"><subfield code="a">United States</subfield><subfield code="b">Nevada</subfield><subfield code="c">Washoe</subfield><subfield code="d">Reno.</subfield></datafield><datafield ind1="0" ind2="0" tag="780"><subfield code="t">Nevada state labor news</subfield><subfield code="w">(DLC)sn 86076220</subfield><subfield code="w">(OCoLC)13754607</subfield></datafield></record>